% This file was created with JabRef 2.4.2.
% Encoding: Cp1252

@STRING{CM = {Computational Mechanics}}

@STRING{JFE = {Journal of Fluids Engineering}}

@STRING{JSEE = {Journal of Solar Energy Engineering}}

@STRING{JSR = {Journal of Ship Research}}

@STRING{JWEIA = {Journal of Wind Engineering and Industrial Aerodynamics}}

@STRING{OE = {Ocean Engineering}}

@ARTICLE{Gray:2004:SJoSC,
  author = {L. J. Gray and A.-V. Phan and T. Kaplan},
  title = {Boundary Integral Evaluation of Surface Derivatives},
  journal = {SIAM Journal on Scientific Computing},
  year = {2004},
  volume = {26},
  pages = {294--312},
  number = {1},
  owner = {Mathew Topper},
  timestamp = {2008.07.03 16:28}
}

@BOOK{Jaccard:2005:CUP,
  title = {Sustainable Fossil Fuels},
  publisher = {Cambridge University Press},
  year = {2005},
  author = {Mark Jaccard},
  owner = {topper},
  timestamp = {2010.02.03}
}

@BOOK{Solomon:2007:CUP,
  title = {Contribution of Working Group I to the Fourth Assessment Report of
	the Intergovernmental Panel on Climate Change},
  publisher = {Cambridge University Press},
  year = {2007},
  editor = {Solomon, S. and D. Qin and M. Manning and Z. Chen and M. Marquis
	and Averyt, K. B. and M. Tignor and Miller, H. L.},
  owner = {Mathew Topper},
  timestamp = {2010.04.20 12:27}
}

@MANUAL{CCA:2008:Defra,
  title = {Implementing the Climate Change Act 2008},
  organization = {Department for Environmental Food and Rural Affairs},
  month = {June},
  year = {2008},
  howpublished = {\url{http://www.defra.gov.uk/environment/
	
	climatechange/uk/legislation/provisions.htm}},
  key = {DEFRA},
  owner = {Mathew Topper},
  timestamp = {2009.01.09 13:03},
  url = {http://www.defra.gov.uk/environment/ climate/legislation/}
}

@MANUAL{CCC:2008,
  title = {Building a low-carbon economy - the UK's contribution to tackling
	climate change},
  organization = {Committee on Climate Change},
  month = {December},
  year = {2008},
  institution = {Committee on Climate Change},
  key = {CCC},
  owner = {Mathew Topper},
  timestamp = {2009.01.09 15:18},
  url = {http://www.theccc.org.uk/ reports/}
}

@comment{jabref-meta: selector_journal:#CM#;#JFE#;#JSEE#;#JSR#;#JWEIA#
;#OE#;Journal of;}

@InProceedings{apaper,
  author =       "John Smith",
  title =        "Another of my publications",
  volume =       "1",
  pages =        "1-3",
  booktitle =    "Journal of papers",
  month =        "July",
  year =         "1998",
}



